@article{fenton2001fault,
	title={Fault diagnosis of electronic systems using intelligent techniques: A review},
	author={Fenton, William G and McGinnity, T Martin and Maguire, Liam P},
	journal={IEEE Transactions on Systems, Man, and Cybernetics, Part C (Applications and Reviews)},
	volume={31},
	number={3},
	pages={269--281},
	year={2001},
	publisher={IEEE}
}

@ARTICLE{9312798,
	author={Chen, Shanzhi and Sun, Shaohui and Kang, Shaoli},
	journal={China Communications}, 
	title={System integration of terrestrial mobile communication and satellite communication â€”the trends, challenges and key technologies in B5G and 6G}, 
	year={2020},
	volume={17},
	number={12},
	pages={156-171},
	doi={10.23919/JCC.2020.12.011}}